@article{bringsjord,
author = {Bringsjord, S and Kellett, O and Shilliday, A and Taylor, J and van Heuveln, B and Yang, Y and Baumes, J and Ross, K},
year = {2006},
title = {A New Gödelian argument for hypercomputing minds based on the busy beaver problem},
journal = {Applied Mathematics and Computation},
volume = {176},
number = {2},
pages = {516--530},
url = {http://citeseerx.ist.psu.edu/viewdoc/download?doi=10.1.1.91.5786\&rep=rep1\&type=pdf}
}
@article{chaitin1982,
author = {Chaitin, G},
year = {1982},
title = {Gödel’s Theorem and Information},
journal = {International Journal of Theoretical Physics},
volume = {21},
pages = {941--954},
url = {http://www.cs.auckland.ac.nz/~chaitin/georgia.html}
}
Chaitin, G. 2006.  The Limits of Reason.  Scientific American 294(3):74-81.  Available online http://www.umcs.maine.edu/~chaitin/sciamer3.pdf 
Chaitin, G. 2007.  The Halting Problem Omega: Irreducible Complexity in Pure Mathematics.  Milan Journal of Mathematics 75(1):291-304.  Available online http://www.cs.auckland.ac.nz/~chaitin/mjm.html 
Chronicle, E. P., J. N. MacGregor, and T. C. Ormerod.  2004.  What Makes an Insight Problem? The Roles of Heuristics, Goal Conception, and Solution Recoding in Knowledge-Lean Problems.  Journal of Experimental Psychology: Learning, Memory, and Cognition 30(1):14-27.  Available online http://citeseerx.ist.psu.edu/viewdoc/download?doi=10.1.1.122.5917&rep=rep1&type=pdf 
Chu, Y. and J. N. MacGregor.  2011.  Human Performance on Insight Problem Solving: A Review.  Journal of Problem Solving 3(2):119-150.  Available online http://docs.lib.purdue.edu/cgi/viewcontent.cgi?article=1094&context=jps
Copeland, B. J. 1998. Turing's O-Machines, Searle, Penrose, and the Brain. Analysis 58(2).  Available online http://www.hums.canterbury.ac.nz/phil/people/personal_pages/jack_copeland/pub/turing1.pdf
Dembski, W. D.  2005.  Specification: The Pattern That SIgnifies Intelligence.  Available online http://www.designinference.com/documents/2005.06.Specification.pdf 
Dry, M., M. D. Lee, D. Vickers, and P. Hughes.  2006.  Human Performance on Visually Presented Traveling Salesperson Problems with Varying Numbers of Nodes.  Journal of Problem Solving 1(1):20-32.  Available online http://docs.lib.purdue.edu/cgi/viewcontent.cgi?article=1004&context=jps
Enderton, H. B.  2012.  Second-order and Higher-order Logic. The Stanford Encyclopedia of Philosophy (Fall 2012 Edition), ed. E. N. Zalta. Available online at http://plato.stanford.edu/archives/fall2012/entries/logic-higher-order/ 
Fernando, C. and E. Szathmary.  2010.  Chemical, Neuronal, and Linguistic Replicators.  In Evolution: The Extended Synthesis, eds. M. Pigliucci and G. B. Muller, pgs 209-249.
Heart, W. D. 1994.  Dualism.  In A Companion to the Philosophy of Mind, ed. Samuel Guttenplan, pgs 265-269.
Henry, R. C.  2005.  The Mental Universe.  Nature 436:29.
Horgan, T.  1994.  Physicalism.  In A Companion to the Philosophy of Mind, ed. Samuel Guttenplan, pgs 471-479.
Hodges, Andrew.  2000.  Uncomputability in the Work of Alan Turing and Roger Penrose.  Available online http://www.turing.org.uk/philosophy/lecture1.html
Jarušek, P. and R. Pelánek.  2010.  Human Problem Solving: Sokoban Case Study.  FI MU Report Series FIMU-RS-2010-01.  Available Online http://www.fi.muni.cz/reports/files/2010/FIMU-RS-2010-01.pdf 
Kershaw, T.C.  2004.  Key Actions in Insight Problems: Further Evidence for the Importance of Non-dot Turns in the Nine-Dot Problem.  Proceedings of the Twenty-sixth Annual Conference of the Cognitive Science Society 678-683.  Available online http://www.cogsci.northwestern.edu/cogsci2004/papers/paper156.pdf 
Kershaw, T.C. and S. Ohlsson.  2001.  Training for Insight: The Case of the Nine-Dot Problem.  Proceedings of the Twenty-Third Annual Conference of the Cognitive Science Society 489-493.  Available online http://conferences.inf.ed.ac.uk/cogsci2001/pdf-files/0489.pdf 
MacGregor, J. N., and Y. Chu. 2011. Human Performance on the Traveling Salesman and Related Problems: A Review. The Journal of Problem Solving 3(2):1-29.  Available online http://docs.lib.purdue.edu/cgi/viewcontent.cgi?article=1090&context=jps 
Metcalf, J. and D. Wiebe.  1987.  Intuition in Insight and and Noninsight Problem Solving.  Memory & Cognition 15(3):238-246.  Available online http://www.columbia.edu/cu/psychology/metcalfe/PDFs/Metcalfe%20Wiebe%201987.pdf 
Montañez, G.  2010.  Personal communication, June 26, 2010.
O’Connor, T. and H. Y. Wong.  2012.  Emergent Properties.  In The Stanford Encyclopedia of Philosophy, Spring 2012 Edition, ed. N. Zalta.  Available online http://plato.stanford.edu/archives/spr2012/entries/properties-emergent/
Robertson, Douglas S. Algorithmic Information Theory, Free Will, and the Turing Test.  Complexity 4(3):25-34.  Available online http://cires.colorado.edu/~doug/philosophy/info8.pdf 
van Rooij. 2008. The Tractable Cognition Thesis. Cognitive Science: A Multidisciplinary Journal 32(6).  Available online http://staff.science.uva.nl/~szymanik/papers/TractableCognition.pdf 
Searle, J. R.  1980.  Minds, Brains, and Programs.  The Behavioral and Brain Sciences 3(3):417-457.  Available online http://cogprints.org/7150/1/10.1.1.83.5248.pdf 
Stokes, T. D. 1986.  Reason in the Zeitgeist.  History of Science 24:111-123.  Available online http://adsabs.harvard.edu/full/1986HisSc..24..111S 
Stoljar, D.  2009.  Physicalism.  The Stanford Encyclopedia of Philsophy, Fall 2009 Edition, ed. E. N. Zalta.  Available online http://plato.stanford.edu/archives/fall2009/entries/physicalism/ 
Turing, A. M. 1936.  On Computable Numbers, with Application to the Entscheidungsproblem.  Proceedings of the London Mathematical Society 42:230-265.  Available online http://www.cs.virginia.edu/~robins/Turing_Paper_1936.pdf 
Turing, A. M. 1939. Systems of Logic Based on Ordinals. Proceedings of the London Mathematical Society 2:45.  Available online https://webspace.princeton.edu/users/jedwards/Turing%20Centennial%202012/Mudd%20Archive%20files/12285_AC100_Turing_1938.pdf 
Wolfram, Stephen.  A New Kind of Science.  Champaign: Wolfram Media, 2002.  Available online http://www.wolframscience.com/nksonline/ 
