@inbook{bartlett1,
author = {Bartlett, JL},
editor = {Bartlett, JL and Halsmer, D},
title = {The Process of Programming: Using Turing Oracles in Cognitive Models of Problem-Solving},
year = {2012},
publisher = {Blyth Institute Press},
booktitle = {Engineering and the Ultimate}
}
@inbook{holloway,
author = {Holloway, E},
title = {Complex Specified Information (CSI) Collecting},
editor = {Bartlett, JL and Halsmer, D},
year = {2012},
publisher = {Blyth Institute Press},
booktitle = {Engineering and the Ultimate}
}
@article{chaitin,
author = {Chaitin, G},
year = {1982},
title = {G\"{o}del's Theorem and Information},
journal = {International Journal of Theoretical Physics},
volume = {21},
pages = {941--954},
url = {http://www.cs.auckland.ac.nz/~chaitin/georgia.html}
}
@article{fitzpatrick,
author = {Fitzpatrick, J},
year = {1997},
title = {Applying the ABC Metric to C, C++, and Java},
journal = {C++ Report},
url = {http://www.softwarerenovation.com/ABCMetric.pdf}
}
@inproceedings{harland,
author = {Harland, J},
year = {2007},
title = {Analysis of Busy Beaver Machines with Inductive Proofs},
booktitle = {CATS'07: Proceedings of the 13th Australasian Symposium on Theory of Computing},
pages = {71--78},
editor = {Gudmundsson, J and Jay, B}
}
@article{hertel,
author = {Hertel, J},
year = {2009},
title = {Computing the Uncomputable Rado Sigma Function: An Automated, Symbolic Induction Prover for Nonhalting Turing Machines},
journal = {The Mathematica Journal}
volume = {11},
number = {2},
pages = {270--283},
url = {http://www.mathematica-journal.com/issue/v11i2/contents/Hertel/Hertel.pdf}
}
@article{kearney,
author = {Kearney, JK and Sedlmeyer, RL and Thompson, WB and Gray, MA and Adler, MA},
title = {Software Complexity Measurement},
journal = {Communications of the ACM},
volume = {29},
number = {11},
pages = {1044--1050},
url = {http://sunnyday.mit.edu/16.355/kearney.pdf}
}
@article{bringsjord,
author = {Bringsjord, S and Kellett, O and Shilliday, A and Taylor, J and van Heuveln, B and Yang, Y and Baumes, J and Ross, K}
title = {A New G\"{o}delian argument for hypercomputing minds based on the busy beaver problem},
journal = {Applied Mathematics and Computations},
volume = {176},
number = {2},
pages = {516--530},
url = {http://citeseerx.ist.psu.edu/viewdoc/download?doi=10.1.1.91.5786\&rep=rep1\&type=pdf}
}
@inproceedings{mccabe,
author = {McCabe, TJ},
year = {1976},
title = {A Complexity Measure},
journal = {Proceedings of the 2nd International Conference on Software Engineering},
url = {http://www.literateprogramming.com/mccabe.pdf}
}
@unpublished{mcdirmid,
author = {McDirmid, S},
year = {2006},
title = {Turing Completeness Considered Harmful: Component Programming with a Simple Language},
url = {http://lampwww.epfl.ch/~mcdirmid/papers/mcdirmid06turing.pdf}
}
@article{robertson,
author = {Robertson, DS},
year = {1999},
title = {Algorithmic Information Theory, Free Will, and the Turing Test},
journal = {Complexity},
volume = {4},
number = {3},
pages = {25--34},
url = {http://cires.colorado.edu/~doug/philosophy/info8.pdf}
}
