@article{cornelis1997,
author = {CJ Baljon},
title = {Interpreting Ruskin: The Argument of \textit{The Seven Lamps of Architecture} and \textit{The Stones of Venice}},
journal = {The Journal of Aesthetics and Art Criticism},
volume = {55},
number = {5},
year = {1997}
}
