@book{samples2007,
author = {Samples, R},
title = {A World of Difference: Putting Christian Truth-Claims to the Worldview Test},
address = {Grand Rapids},
publisher = {Baker},
year = {2007}
}
@book{nash1988,
author = {Nash, RH},
title = {Faith and Reason: Searching for a Rational Faith},
address = {Grand Rapids},
publisher = {Zondervan},
year = {1988}
}
@book{naugle2002,
author = {Naugle, DK},
title = {Worldview: The History of a Concept},
address = {Grand Rapids},
publisher = {Eerdmans},
year = {2002}
}
