@incollection{ident2012,
author = {P Forrest},
title = {The Identity of Indiscernables},
year = {2012},
booktitle = {The Stanford Encyclopedia of Philosophy},
edition = {Winter 2012},
editor = {EN Zalta},
url = {http://plato.stanford.edu/archives/win2012/entries/identity-indiscernible/},
publisher = {The Metaphysics Research Lab}
}
@incollection{psr2011,
author = {Y Melamed and M Lin},
title = {Principle of Sufficient Reason},
year = {2011},
booktitle = {The Stanford Encyclopedia of Philosophy},
edition = {Fall 2011},
editor = {EN Zalta},
url = {http://plato.stanford.edu/archives/fall2011/entries/sufficient-reason/},
publisher = {The Metaphysics Research Lab}
}
@article{warman2011,
author = {M Warman},
title = {Stephen {H}awking tells {G}oogle ``philosophy is dead''},
journal = {The Telegraph},
year = {2011},
month = {May 17},
url = {http://www.telegraph.co.uk/technology/google/8520033/Stephen-Hawking-tells-Google-philosophy-is-dead.html}
}
@article{andersen2012,
author = {R Andersen},
title = {Has Physics Made Philosophy and Religion Obsolete?},
journal = {The Atlantic},
year = {2012},
month = {April 23},
url = {http://www.theatlantic.com/technology/archive/2012/04/has-physics-made-philosophy-and-religion-obsolete/256203/}
}
@book{natnat2011,
editor = {BL Gordon and WA Dembski},
title = {The Nature of Nature: Examining the Role of Naturalism in Science},
publisher = {ISI Books},
address = {Wilmington, DE},
year = {2011}
}
@book{plantinga2011,
author = {A Plantinga},
title = {Where the Conflict Really Lies: Science, Religion, and Naturalism},
publisher = {Oxford University Press},
year = {2011},
address = {New York}
}
@incollection{gordondembski2011,
author = {BL Gordon and WA Dembski},
title = {The Nature of Nature Confronted},
publisher = {ISI Books},
booktitle = {The Nature of Nature: Examining the Role of Naturalism in Science},
year = {2011},
address = {Wilmington, DE}
}
@incollection{plantinga2011b,
author = {A Plantinga},
title = {Evolution versus Naturalism},
publisher = {ISI Books},
booktitle = {The Nature of Nature: Examining the Role of Naturalism in Science},
year = {2011},
address = {Wilmington, DE}
}

@inproceedings{halsmer,
author = {D Halsmer and M Gewecke and R Gewecke and N Roman and T Todd and J Fitzgerald},
title = {Reversible Universe: Implications of Affordance-based Reverse Engineering of Complex Natural Systems},
booktitle = {Engineering and the Ultimate},
year = {2014},
pages = {11--38},
editor = {J Bartlett and D Halsmer and M R Hall},
address = {Broken Arrow, OK},
publisher = {Blyth Institute Press}
}


@inproceedings{sich,
author = {Alexander R Sich},
title = {The Independence and Proper Roles of Engineering and Metaphysics in Support of an Integrated Understanding of God's Creation},
pages = {39--61},
booktitle = {Engineering and the Ultimate},
year = {2014},
editor = {J Bartlett and D Halsmer and M R Hall},
address = {Broken Arrow, OK},
publisher = {Blyth Institute Press}
}


@inproceedings{hall,
author = {Mark R Hall},
title = {Truth, Beauty, and the Reflection of God: John Ruskin's \textit{Seven Lamps of Architecture} and \textit{The Stones of Venice} as Palimpsests for Contemporary Architecture},
pages = {65--96},
booktitle = {Engineering and the Ultimate},
year = {2014},
editor = {J Bartlett and D Halsmer and M R Hall},
address = {Broken Arrow, OK},
publisher = {Blyth Institute Press}
}


@inproceedings{bartlett1,
author = {Jonathan Bartlett},
title = {Using Turing Oracles in Cognitive Models of Problem-Solving},
pages = {99--122},
booktitle = {Engineering and the Ultimate},
year = {2014},
editor = {J Bartlett and D Halsmer and M R Hall},
address = {Broken Arrow, OK},
publisher = {Blyth Institute Press}
}


@inproceedings{bartlett2,
author = {Jonathan Bartlett},
title = {Calculating Software Complexity Using the Halting Problem},
pages = {123--130},
booktitle = {Engineering and the Ultimate},
year = {2014},
editor = {J Bartlett and D Halsmer and M R Hall},
address = {Broken Arrow, OK},
publisher = {Blyth Institute Press}
}


@inproceedings{ewert,
author = {W Ewert and W A Dembski and R J {Marks II}},
title = {Algorithmic Specified Complexity},
pages = {131--151},
booktitle = {Engineering and the Ultimate},
year = {2014},
editor = {J Bartlett and D Halsmer and M R Hall},
address = {Broken Arrow, OK},
publisher = {Blyth Institute Press}
}


@inproceedings{holloway,
author = {E Holloway},
title = {Complex Specified Information (CSI) Collecting},
pages = {153--166},
booktitle = {Engineering and the Ultimate},
year = {2014},
editor = {J Bartlett and D Halsmer and M R Hall},
address = {Broken Arrow, OK},
publisher = {Blyth Institute Press}
}


@inproceedings{mignea1,
author = {A Mignea},
title = {Developing Insights into the Design of the Simplest Self-Replicator and Its Complexity: Part 1---Developing a Functional Model for the Simplest Self-Replicator},
pages = {167--186},
booktitle = {Engineering and the Ultimate},
year = {2014},
editor = {J Bartlett and D Halsmer and M R Hall},
address = {Broken Arrow, OK},
publisher = {Blyth Institute Press}
}


@inproceedings{mignea2,
author = {A Mignea},
title = {Developing Insights into the Design of the Simplest Self-Replicator and Its Complexity: Part 2---Evaluating the Complexity of a Concrete Implementation of an Artificial SSR},
pages = {187--212},
booktitle = {Engineering and the Ultimate},
year = {2014},
editor = {J Bartlett and D Halsmer and M R Hall},
address = {Broken Arrow, OK},
publisher = {Blyth Institute Press}
}


@inproceedings{mignea3,
author = {A Mignea},
title = {Developing Insights into the Design of the Simplest Self-Replicator and Its Complexity: Part 3---The Metaphysics of an Artificial SSR and the Origin of Life Problem},
pages = {213--219},
booktitle = {Engineering and the Ultimate},
year = {2014},
editor = {J Bartlett and D Halsmer and M R Hall},
address = {Broken Arrow, OK},
publisher = {Blyth Institute Press}
}


@inproceedings{halsmer,
author = {},
title = {},
pages = {},
booktitle = {Engineering and the Ultimate},
year = {2014},
editor = {J Bartlett and D Halsmer and M R Hall},
address = {Broken Arrow, OK},
publisher = {Blyth Institute Press}
}

