@book{freitasmerkle2004,
author = {RA Freitas Jr. and R Merkle},
title = {Kinematic Self-Replicating Machines},
publisher = {Landes Bioscience},
address = {Georgetown, TX},
year = {2004},
url = {http://www.molecularassembler.com/KSRM/5.6.htm}
}
% PHD Thesis
@PhdThesis{stevens2009,
author = {WM Stevens},
title = {Self-Replication Construction and Computation},
publisher = {The Open University},
school = {University of Kent},
year = {2009},
url = {http://www.srm.org.uk/thesis/WillStevens-Thesis.pdf}
}
% Master's Thesis
@MastersThesis{moses2001,
author = {M Moses},
title = {A Physical Prototype of a Self-Replicating Universal Constructor},
school = {Department of Mechanical Engineering, University of New Mexico},
year = {2001}
}
@article{zykovetal2005,
author = {V Zykov and E Mytilinaios and B Adams and H Lipson},
title = {Self-reproducing machines},
journal = {Nature},
volume = {435},
pages = {163--164},
year = {2005}
}
@inproceedings{bowyer2007,
author = {A Bowyer},
title = {The self-replicating rapid prototyper---manufacturing for the masses},
booktitle = {Proceedings of the 8th National Conference on Rapid Design, Prototyping, and Manufacturing},
publisher = {Rapid Prototyping and Manufacturing Association},
year = {2007}
}
@book{drexler1986,
author = {KE Drexler},
title = {Engines of Creation: The Coming Era of Nanotechnology},
publisher = {Anchor Press / Doubleday},
address = {New York},
year = {1986}
}
@article{smalley2001,
author = {RE Smalley},
title = {Of Chemistry, Love, and Nanobots},
journal = {Scientific American},
volume = {285},
number = {3},
pages = {76--77},
year = {2001}
}
@article{smith2010,
author = {M Smith},
title = {Scientists Create First `Synthetic' Cells},
journal = {ABC News},
month = {May 21},
year = {2010}
}
@article{freitas1980,
author = {AR Freitas Jr},
title = {A Self-Reproducing Interstellar Probe},
journal = {Journal of the British Interplanetary Society},
volume = {33},
year = {1980}
},
@article{heinemann2006,
author = {M Heinemann and S Panke},
title = {Synthetic biology---putting engineering into biology},
journal = {Bioinformatics},
volume = {22},
pages = {2790--2799},
url = {http://bioinformatics.oxfordjournals.org/content/22/22/2790.full},
year = {2006}
}
@book{lyshevski2000,
author = {SE Lyshevski},
title = {Nano- and Microelectromechanical Systems: Fundamentals of Nano- and Microengineering},
publisher = {CRC Press},
address = {New York},
year = {2000}
}
@article{gibsonetal2010,
author = {DG Gibson et al},
title = {Creation of a Bacterial Cell Controlled by a Chemically Synthesized Genome},
journal = {Science},
volume = {329},
pages = {52--56},
year = {2010}
}
