@article{aboutconference,
author = {Bartlett, JL},
year = {2012},
title = {About the Conference},
journal = {Engineering and Metaphysics 2012 Conference website},
url = {http://www.blythinstitute.org/site/sections/30}
}
@article{beheinterview,
author = {Discovery Institute},
title = {Interview with {Michael Behe} on \emph{The Edge of Evolution}},
journal = {Discovery Institute},
year = {2007},
month = {June 18},
url = {http://www.discovery.org/a/4097}
}
@book{machuga,
author = {Machuga, R},
title = {In Defense of the Soul: What it Means to be Human},
publisher = {Baker Book House},
address = {Grand Rapids, MI},
year = {2002}
}
@book{sigcell,
author = {Meyer, SC},
title = {Signature in the Cell: DNA and the Evidence for Intelligent Design},
publisher = {Harper Collins},
year = {2009},
address = {New York}
}
@article{balberts,
author = {Alberts, B},
title = {The Cell as a Collection of Protein Machines: Preparing the Next Generation of Molecular Biologists},
journal = {Cell},
volume = {92},
year = {1998},
month = {February 8},
pages = {291}
}
